@article{alzahrani2024benchmarks,
  title={When Benchmarks are Targets: Revealing the Sensitivity of Large Language Model Leaderboards},
  author={Alzahrani, Norah and Alyahya, Hisham Abdullah and Alnumay, Yazeed and Alrashed, Sultan and Alsubaie, Shaykhah and Almushaykeh, Yusef and Mirza, Faisal and Alotaibi, Nouf and Altwairesh, Nora and Alowisheq, Areeb and others},
  journal={arXiv preprint arXiv:2402.01781},
  year={2024}
}

@article{achiam2023gpt,
  title={Gpt-4 technical report},
  author={Achiam, Josh and Adler, Steven and Agarwal, Sandhini and Ahmad, Lama and Akkaya, Ilge and Aleman, Florencia Leoni and Almeida, Diogo and Altenschmidt, Janko and Altman, Sam and Anadkat, Shyamal and others},
  journal={arXiv preprint arXiv:2303.08774},
  year={2023}
}

@techreport{perez2024testing,
  title={Testing the cognitive limits of large language models},
  author={Perez-Cruz, Fernando and Shin, Hyun Song},
  year={2024},
  institution={Bank for International Settlements}
}

@article{zellers2019hellaswag,
  title={Hellaswag: Can a machine really finish your sentence?},
  author={Zellers, Rowan and Holtzman, Ari and Bisk, Yonatan and Farhadi, Ali and Choi, Yejin},
  journal={arXiv preprint arXiv:1905.07830},
  year={2019}
}

@article{lucas1976econometric,
  title={Econometric Policy Evaluation: A Critique},
  author={Lucas, Robert E.},
  journal={Journal of Monetary Economics},
  volume={1},
  number={2},
  pages={19--46},
  year={1976},
  publisher={Elsevier}
}

@book{angrist2008mostly,
  title={Mostly Harmless Econometrics: An Empiricist's Companion},
  author={Angrist, Joshua D. and Pischke, J{\"o}rn-Steffen},
  year={2008},
  publisher={Princeton University Press}
}

@book{robbins1932essay,
  title={An Essay on the Nature and Significance of Economic Science},
  author={Robbins, Lionel},
  year={1932},
  publisher={Macmillan and Co., Limited}
}

@article{parkes2015economic,
  title={Economic reasoning and artificial intelligence},
  author={Parkes, David C and Wellman, Michael P},
  journal={Science},
  volume={349},
  number={6245},
  pages={267--272},
  year={2015},
  publisher={American Association for the Advancement of Science}
}

@misc{storks2020recent,
  title={Recent Advances in Natural Language Inference: A Survey of Benchmarks, Resources, and Approaches}, 
  author={Shane Storks and Qiaozi Gao and Joyce Y. Chai},
  year={2020},
  eprint={1904.01172},
  archivePrefix={arXiv},
  primaryClass={cs.CL}
}

@article{mighty1994fallen,
Author = {Gans, Joshua S. and Shepherd, George B.},
Title = {How Are the Mighty Fallen: Rejected Classic Articles by Leading Economists},
Journal = {Journal of Economic Perspectives},
Volume = {8},
Number = {1},
Year = {1994},
Month = {March},
Pages = {165-179},
DOI = {10.1257/jep.8.1.165},
URL = {https://www.aeaweb.org/articles?id=10.1257/jep.8.1.165}
}

@article{stantcheva2023run,
  title={How to run surveys: A guide to creating your own identifying variation and revealing the invisible},
  author={Stantcheva, Stefanie},
  journal={Annual Review of Economics},
  volume={15},
  pages={205--234},
  year={2023},
  publisher={Annual Reviews}
}

@inproceedings{ferrario2022eliciting,
  title={Eliciting peopleâ€™s first-order concerns: Text analysis of open-ended survey questions},
  author={Ferrario, Beatrice and Stantcheva, Stefanie},
  booktitle={AEA Papers and Proceedings},
  volume={112},
  pages={163--169},
  year={2022},
  organization={American Economic Association 2014 Broadway, Suite 305, Nashville, TN 37203}
}